@article{van1976generalizing,
  title={Generalizing the singular value decomposition},
  author={Van Loan, Charles F},
  journal={SIAM Journal on Numerical Analysis},
  volume={13},
  number={1},
  pages={76--83},
  year={1976},
  publisher={SIAM}
}

@article{bai1992csd,
  title={{CSD, GSVD}, their applications and computations},
  author={Bai, Zhaojun},
  journal={IMA Preprint Series {\#} 958},
  year={1992}
}

@article{edelman2019gsvd,
  title={The {GSVD}: Where are the ellipses?, Matrix Trigonometry, and more},
  author={Edelman, Alan and Wang, Yuyang},
  journal={arXiv preprint arXiv:1901.00485},
  year={2019}
}

@article{paige1981towards,
  title={Towards a generalized singular value decomposition},
  author={Paige, Christopher C and Saunders, Michael A},
  journal={SIAM Journal on Numerical Analysis},
  volume={18},
  number={3},
  pages={398--405},
  year={1981},
  publisher={SIAM}
}

@book{golub2013matrix,
  title={Matrix Computations 4th Edition The Johns Hopkins University Press},
  author = {Golub, Gene H. and Van Loan, Charles F.},
  publisher = {Johns Hopkins University Press},
  address = {USA},
  year={2013}
}

@article{paige1986computing,
  title={Computing the generalized singular value decomposition},
  author={Paige, CC},
  journal={SIAM Journal on Scientific and Statistical Computing},
  volume={7},
  number={4},
  pages={1126--1146},
  year={1986},
  publisher={SIAM}
}

@article{bai1993computing,
  title={Computing the generalized singular value decomposition},
  author={Bai, Zhaojun and Demmel, James W},
  journal={SIAM Journal on Scientific Computing},
  volume={14},
  number={6},
  pages={1464--1486},
  year={1993},
  publisher={SIAM}
}

@article{bai1993new,
  title={A new preprocessing algorithm for the computation of the generalized singular value decomposition},
  author={Bai, Zhaojun and Zha, Hongyuan},
  journal={SIAM Journal on Scientific Computing},
  volume={14},
  number={4},
  pages={1007--1012},
  year={1993},
  publisher={SIAM}
}

@article{stewart1982computing,
  title={Computing the {CS} decomposition of a partitioned orthonormal matrix},
  author={Stewart, GW},
  journal={Numerische Mathematik},
  volume={40},
  number={3},
  pages={297--306},
  year={1982},
  publisher={Springer}
}

@article{stewart2016rank,
  title={Rank decisions in matrix quotient decompositions},
  author={Stewart, Michael},
  journal={SIAM Journal on Matrix Analysis and Applications},
  volume={37},
  number={4},
  pages={1729--1746},
  year={2016},
  publisher={SIAM}
}

@article{howland2003structure,
  title={Structure preserving dimension reduction for clustered text data based on the generalized singular value decomposition},
  author={Howland, Peg and Jeon, Moongu and Park, Haesun},
  journal={SIAM Journal on Matrix Analysis and Applications},
  volume={25},
  number={1},
  pages={165--179},
  year={2003},
  publisher={SIAM}
}

@article{kim2005dimension,
  title={Dimension reduction in text classification with support vector machines},
  author={Kim, Hyunsoo and Howland, Peg and Park, Haesun},
  journal={Journal of machine learning research},
  volume={6},
  number={Jan},
  pages={37--53},
  year={2005}
}

@article{alter2003generalized,
  title={Generalized singular value decomposition for comparative analysis of genome-scale expression data sets of two different organisms},
  author={Alter, Orly and Brown, Patrick O and Botstein, David},
  journal={Proceedings of the National Academy of Sciences},
  volume={100},
  number={6},
  pages={3351--3356},
  year={2003},
  publisher={National Acad Sciences}
}

@article{hansen1989regularization,
  title={Regularization, GSVD and truncatedGSVD},
  author={Hansen, Per Christian},
  journal={BIT numerical mathematics},
  volume={29},
  number={3},
  pages={491--504},
  year={1989},
  publisher={Springer}
}

@article{wei2016tikhonov,
  title={Tikhonov regularization and randomized {GSVD}},
  author={Wei, Yimin and Xie, Pengpeng and Zhang, Liping},
  journal={SIAM Journal on Matrix Analysis and Applications},
  volume={37},
  number={2},
  pages={649--675},
  year={2016},
  publisher={SIAM}
}

@article{dykes2014simplified,
  title={Simplified {GSVD} computations for the solution of linear discrete ill-posed problems},
  author={Dykes, Laura and Reichel, Lothar},
  journal={Journal of Computational and Applied Mathematics},
  volume={255},
  pages={15--27},
  year={2014},
  publisher={Elsevier}
}

@article{kaagstrom1984generalized,
  title={The generalized singular value decomposition and the general ({$\mathbf{A-\lambda B}$})-problem},
  author={K{\aa}gstr{\"o}m, Bo},
  journal={BIT Numerical Mathematics},
  volume={24},
  number={4},
  pages={568--583},
  year={1984},
  publisher={Springer}
}

@article{bhuyan2004application,
  title={Application of generalized singular value decomposition to ionospheric tomography},
  author={Bhuyan, K and Singh, SB and Bhuyan, PK},
  journal={Annales Geophysicae},
  volume={22},
  number={10},
  pages={3437â€“3444},
  year={2004}
}

@article{van1989analysis,
  title={Analysis and Properties of the Generalized Total Least Squares Problem {$\mathbf{AX \approx B}$} When Some or All Columns in {$\mathbf{A}$} are Subject to Error}, 
  author={Van Huffel, Sabine and Vandewalle, Joos},
  journal={SIAM Journal on Matrix Analysis and Applications},
  volume={10},
  number={3},
  pages={294},
  year={1989},
  publisher={Society for Industrial and Applied Mathematics}
}

@book{anderson1999lapack,
  title={LAPACK Users' guide},
  author={Anderson, Edward and Bai, Zhaojun and Bischof, Christian and Blackford, L Susan and Demmel, James and Dongarra, Jack and Du Croz, Jeremy and Greenbaum, Anne and Hammarling, Sven and McKenney, Alan and others},
  year={1999},
  publisher={SIAM}
}

@manual{MATLAB:2019,
    title = {Generalized singular value decomposition documentation},
    year = {2019},
    author = {MATLAB},
    note = {Available at \url{https://www.mathworks.com/help/matlab/ref/gsvd.html}}, 
    organization = {The MathWorks Inc.},
    address = {Natick, Massachusetts}
} 

@software{MATLAB,
    title = {MATLAB},
    year = {2019},
    author = {MATLAB},
    note = {Available at \url{https://www.mathworks.com/}}, 
    organization = {The MathWorks Inc.},
    address = {Natick, Massachusetts}
} 

@software{math,
  author = {{Wolfram Research, Inc.}},
  title = {Mathematica 8.0},
  url = {https://www.wolfram.com},
  version = {0.8},
  date = {2010},
}

@book{10.5555/541529, 
	author = {Ortega, James M.}, 
	title = {Introduction to FORTRAN 90 for Scientific Computing}, 
	year = {1994}, 
	isbn = {0030101980}, 
	publisher = {Oxford University Press, Inc.}, 
	address = {USA}, 
	edition = {1st} 
}
	
@book{10.5555/248979,
    author = {Golub, Gene H. and Van Loan, Charles F.},
    title = {Matrix Computations (3rd Ed.)},
    year = {1996},
    isbn = {0801854148},
    publisher = {Johns Hopkins University Press},
    address = {USA}
}

@article{vanloan85,
    title={Computing the {CS} and the generalized singular value decompositions},
    author={Van Loan, Charles},
    journal={Numerische Mathematik},
    volume={46},
    number={4},
    pages={479--491},
    year={1985}
}

@article{sutton2009computing,
  title={Computing the complete CS decomposition},
  author={Sutton, Brian D},
  journal={Numerical Algorithms},
  volume={50},
  number={1},
  pages={33--65},
  year={2009},
  publisher={Springer}
}

@article{de1988mathematical,
  title={Mathematical concepts and techniques for modelling of static and dynamic systems},
  author={De Moor, BL},
  journal={Ph. D. dissertation, Dep. of Elect. Eng., Katholieke Univ.},
  year={1988}
}

@misc{wikipedia_2020, 
    title={One-way analysis of variance},
    note = {Available at \url{https://en.wikipedia.org/wiki/One-way_analysis_of_variance}}, 
    author={Wikipedia}, 
    organization={Wikimedia Foundation}, 
    year={2020}, 
    month={Jun}
}

@article{sankaranarayanan2015tensor,
  title={Tensor GSVD of patient-and platform-matched tumor and normal DNA copy-number profiles uncovers chromosome arm-wide patterns of tumor-exclusive platform-consistent alterations encoding for cell transformation and predicting ovarian cancer survival},
  author={Sankaranarayanan, Preethi and Schomay, Theodore E and Aiello, Katherine A and Alter, Orly},
  journal={PloS one},
  volume={10},
  number={4},
  pages={e0121396},
  year={2015},
  publisher={Public Library of Science}
}

@article{tavazoie1999systematic,
  title={Systematic determination of genetic network architecture},
  author={Tavazoie, Saeed and Hughes, Jason D and Campbell, Michael J and Cho, Raymond J and Church, George M},
  journal={Nature genetics},
  volume={22},
  number={3},
  pages={281--285},
  year={1999},
  publisher={Nature Publishing Group}
}

@article{schena1995quantitative,
  title={Quantitative monitoring of gene expression patterns with a complementary DNA microarray},
  author={Schena, Mark and Shalon, Dari and Davis, Ronald W and Brown, Patrick O},
  journal={Science},
  volume={270},
  number={5235},
  pages={467--470},
  year={1995},
  publisher={American Association for the Advancement of Science}
}

@article{van2011numpy,
  title={The NumPy array: a structure for efficient numerical computation},
  author={Van Der Walt, Stefan and Colbert, S Chris and Varoquaux, Gael},
  journal={Computing in science \& engineering},
  volume={13},
  number={2},
  pages={22--30},
  year={2011},
  publisher={IEEE}
}

@article{bezanson2017julia,
  title={Julia: A fresh approach to numerical computing},
  author={Bezanson, Jeff and Edelman, Alan and Karpinski, Stefan and Shah, Viral B},
  journal={SIAM review},
  volume={59},
  number={1},
  pages={65--98},
  year={2017},
  publisher={SIAM}
}

@article{ihaka1996r,
  title={R: a language for data analysis and graphics},
  author={Ihaka, Ross and Gentleman, Robert},
  journal={Journal of computational and graphical statistics},
  volume={5},
  number={3},
  pages={299--314},
  year={1996},
  publisher={Taylor \& Francis Group}
}

@article{bradley2019gsvd,
  title={GSVD-and tensor GSVD-uncovered patterns of DNA copy-number alterations predict adenocarcinomas survival in general and in response to platinum},
  author={Bradley, Matthew W and Aiello, Katherine A and Ponnapalli, Sri Priya and Hanson, Heidi A and Alter, Orly},
  journal={APL bioengineering},
  volume={3},
  number={3},
  pages={036104},
  year={2019},
  publisher={AIP Publishing LLC}
}

@article{ponnapalli2020retrospective,
  title={Retrospective clinical trial experimentally validates glioblastoma genome-wide pattern of DNA copy-number alterations predictor of survival},
  author={Ponnapalli, Sri Priya and Bradley, Matthew W and Devine, Karen and Bowen, Jay and Coppens, Sara E and Leraas, Kristen M and Milash, Brett A and Li, Fuqiang and Luo, Huijuan and Qiu, Shi and others},
  journal={APL bioengineering},
  volume={4},
  number={2},
  pages={026106},
  year={2020},
  publisher={AIP Publishing LLC}
}

@article{hastie1999imputing,
  title={Imputing missing data for gene expression arrays},
  author={Hastie, Trevor and Tibshirani, Robert and Sherlock, Gavin and Eisen, Michael and Brown, Patrick and Botstein, David},
  year={1999},
  publisher={Stanford University Statistics Department Technical report}
}

@article{troyanskaya2001missing,
  title={Missing value estimation methods for DNA microarrays},
  author={Troyanskaya, Olga and Cantor, Michael and Sherlock, Gavin and Brown, Pat and Hastie, Trevor and Tibshirani, Robert and Botstein, David and Altman, Russ B},
  journal={Bioinformatics},
  volume={17},
  number={6},
  pages={520--525},
  year={2001},
  publisher={Oxford University Press}
}

@article{perkel2019julia,
  title={Julia: come for the syntax, stay for the speed},
  author={Perkel, Jeffrey M},
  journal={Nature},
  volume={572},
  number={7768},
  pages={141--143},
  year={2019},
  publisher={Nature Publishing Group}
}

@book{Sengupta2019,
      title     = {Julia High Performance},
      author    = {Sengupta, Avik},
      year      = {2019},
      publisher = {Packt},
      address   = {USA},
      edition = {2nd}
}

@techreport{edelman2019julia,
  title={Julia: A fresh approach to technical computing and data processing},
  author={Edelman, Alan},
  year={2019},
  institution={MASSACHUSETTS INST OF TECH CAMBRIDGE CAMBRIDGE}
}

@article{bezanson2018julia,
  title={Julia: Dynamism and performance reconciled by design},
  author={Bezanson, Jeff and Chen, Jiahao and Chung, Benjamin and Karpinski, Stefan and Shah, Viral B and Vitek, Jan and Zoubritzky, Lionel},
  journal={Proceedings of the ACM on Programming Languages},
  volume={2},
  number={OOPSLA},
  pages={1--23},
  year={2018},
  publisher={ACM New York, NY, USA}
}

@article{bezanson2012julia,
  title={Julia: A fast dynamic language for technical computing},
  author={Bezanson, Jeff and Karpinski, Stefan and Shah, Viral B and Edelman, Alan},
  journal={arXiv preprint arXiv:1209.5145},
  year={2012}
}

@misc{davis2015suitesparse,
  title={SuiteSparse: A suite of sparse matrix software},
  author={Davis, Timothy A and others},
  year={2015},
  publisher={Version}
}